@article{melko,
  title = {Machine learning vortices at the Kosterlitz-Thouless transition},
  author = {Beach, Matthew J. S. and Golubeva, Anna and Melko, Roger G.},
  journal = {Phys. Rev. B},
  volume = {97},
  issue = {4},
  pages = {045207},
  numpages = {8},
  year = {2018},
  month = {Jan},
  publisher = {American Physical Society},
  doi = {10.1103/PhysRevB.97.045207},
  url = {https://link.aps.org/doi/10.1103/PhysRevB.97.045207}
}

@article{wessel,
  title = {Parameter diagnostics of phases and phase transition learning by neural networks},
  author = {Suchsland, Philippe and Wessel, Stefan},
  journal = {Phys. Rev. B},
  volume = {97},
  issue = {17},
  pages = {174435},
  numpages = {13},
  year = {2018},
  month = {May},
  publisher = {American Physical Society},
  doi = {10.1103/PhysRevB.97.174435},
  url = {https://link.aps.org/doi/10.1103/PhysRevB.97.174435}
}

@article{carrasqu,
  title = {Machine learning phases of matter},
  author = {Carrasquilla, Juan and Melko, Roger G.},
  journal = {Nature Physics},
  volume = {13},
  year = {2017},
  month = {Feb},
  publisher = {Nature Publishing Group},
  doi = {10.1038/nphys4035},
  url = {https://www.nature.com/articles/nphys4035#supplementary-information}
}

@article{wolff,
  title = {Collective Monte Carlo Updating for Spin Systems},
  author = {Wolff, Ulli},
  journal = {Phys. Rev. Lett.},
  volume = {62},
  issue = {4},
  pages = {361--364},
  numpages = {0},
  year = {1989},
  month = {Jan},
  publisher = {American Physical Society},
  doi = {10.1103/PhysRevLett.62.361},
  url = {https://link.aps.org/doi/10.1103/PhysRevLett.62.361}
}

@article{kosterlitz,
  author = {Kosterlitz, J and J. Thouless, D},
  year = {1973},
  month = {04},
  pages = {1181},
  title = {Ordering, Metastability and Phase Transitions in Two-Dimensional Systems},
  volume = {6},
  booktitle = {J. Phys. C: Solid State Phys.}
}

@article{mermin,
  title = {Absence of Ferromagnetism or Antiferromagnetism in One- or Two-Dimensional Isotropic Heisenberg Models},
  author = {Mermin, N. D. and Wagner, H.},
  journal = {Phys. Rev. Lett.},
  volume = {17},
  issue = {22},
  pages = {1133--1136},
  numpages = {0},
  year = {1966},
  month = {Nov},
  publisher = {American Physical Society},
  doi = {10.1103/PhysRevLett.17.1133},
  url = {https://link.aps.org/doi/10.1103/PhysRevLett.17.1133}
}

